@inproceedings{tools:iPlasma,
  title={iPlasma: An integrated platform for quality assessment of object-oriented design},
  author={Marinescu, Cristina and Marinescu, Radu and Mihancea, Petru Florin and Wettel, R},
  booktitle={In ICSM (Industrial and Tool Volume)},
  year={2005},
  organization={Citeseer},
}

@inproceedings{paper:xcore,
title={XCORE: Support for developing program analysis tools},
  author={{\c{S}}tef{\u{a}}nic{\u{a}}, Alexandru and Mihancea, Petru Florin},
  booktitle={Software Analysis, Evolution and Reengineering (SANER), 2017 IEEE 24th International Conference on},
  pages={462--466},
  year={2017},
  organization={IEEE},
}

@misc{tools:inCode,
      author = "LOOSE Reasearch Group",
      howpublished = "\url{http://loose.upt.ro/reengineering/research/codepro}",
}

@article{tools:wala,
  title={Watson libraries for analysis, wala. sourceforge. net/wiki/index. php},
  author={Watson, IBM},
  journal={Main Page}
}

@article{tools:JDT,
  title={Eclipse: A platform for integrating development tools},
  author={Wiegand, J and others},
  journal={IBM Systems Journal},
  volume={43},
  number={2},
  pages={371--383},
  year={2004},
  publisher={IBM}
}

@INPROCEEDINGS{tools:nullTerminator, 
        author={Åž. Medeleanu and P. F. Mihancea}, 
        booktitle={2016 IEEE International Conference on Software Maintenance and Evolution (ICSME)}, 
        title={NullTerminator: Pseudo-Automatic Refactoring to Null Object Design Pattern}, 
        year={2016}, 
        pages={601-603}, 
        doi={10.1109/ICSME.2016.23}, 
        month={Oct},
}

@book{book:ThinkingInJava,
	author = {Bruce Eckel},
	title  = {Thinking in Java},
	publisher = {Prentice Hall},
	year  = {2006}
}

@inproceedings{oldThesis,
        author={S. Alexandru and P. F. Mihancea},
        title={XCore: Framework for Software Analysis Tool Development},
        Url = {https://github.com/SAlexandru/XCore/blob/master/Docs/Thesis/XCore%20Thesis.pdf},
        year={2015},
        month={June},
}

@Inbook{tools:rascal,
        author="Klint, Paul  and van der Storm, Tijs and Vinju, Jurgen",
        editor="Fernandes, Jo{\~a}o M. and L{\"a}mmel, Ralf and Visser, Joost and Saraiva, Jo{\~a}o",
        title="EASY Meta-programming with Rascal",
        bookTitle="Generative and Transformational Techniques in Software Engineering III: International Summer School, GTTSE 2009, Braga, Portugal, July 6-11, 2009. Revised Papers",
        year="2011",
        publisher="Springer Berlin Heidelberg",
        address="Berlin, Heidelberg",
        pages="222--289",
        isbn="978-3-642-18023-1",
        doi="10.1007/978-3-642-18023-1_6",
        url="http://dx.doi.org/10.1007/978-3-642-18023-1_6"
}

@article{tools:fame,
  title={Meta-environment and executable meta-language using Smalltalk: an experience report},
  author={Ducasse, St{\'e}phane and G{\^\i}rba, Tudor and Kuhn, Adrian and Renggli, Lukas},
  journal={Software and Systems Modeling},
  volume={8},
  number={1},
  pages={5--19},
  year={2009},
  publisher={Springer}
}

@inproceedings{tools:soot,
     title={The Soot framework for Java program analysis: a retrospective},
     author={Lam, Patrick and Bodden, Eric and Lhot{\'a}k, Ondrej and Hendren, Laurie},
     year={2011}
}

@article{paper:ganea,
    title={Continuous quality assessment with inCode},
    author={Ganea, George and Verebi, Ioana and Marinescu, Radu},
    journal={Science of Computer Programming},
    year={2015},
    publisher={Elsevier}
}

@misc{wiki:CFG,
    howpublished="\url{https://en.wikipedia.org/wiki/Control_flow_graph}",
    author="Wikipedia"
}
